<?xml version="1.0" encoding="UTF-8"?><collection xmlns="http://www.loc.gov/MARC21/slim"><record><leader>00474nam--2200157-i-4500</leader><controlfield tag="001">000044356</controlfield><controlfield tag="002">20161230</controlfield><controlfield tag="005">20161230201044</controlfield><controlfield tag="008">060222s1000------------r-----000-0-eng-d</controlfield><datafield ind1=" " ind2=" " tag="080"><subfield code="a">512.831</subfield></datafield><datafield ind1=" " ind2=" " tag="100"><subfield code="a">Pupke, Herbert</subfield></datafield><datafield ind1=" " ind2=" " tag="245"><subfield code="a">Einfuhrung in die matrizenrechnung und ihre physikalischen anwendungen</subfield></datafield><datafield ind1=" " ind2=" " tag="260"><subfield code="a">Berlin, Deutscher Verlag Der Wissenschaften, 1953, 187p</subfield></datafield><datafield ind1=" " ind2=" " tag="490"><subfield code="a">Hochschulbucher Fur Physik</subfield></datafield><datafield ind1=" " ind2=" " tag="852"><subfield code="a">6800</subfield><subfield code="c">512.831</subfield></datafield><datafield ind1=" " ind2=" " tag="CAT"><subfield code="a">Sys</subfield><subfield code="c">20080520</subfield><subfield code="h">142739</subfield></datafield></record></collection>